2816 4862
146 543 357 616 Truculento
386 573 422 629 a,
449 549 488 630 6,
515 565 596 616 ettr.

202 757 204 764 ,
229 667 299 742 Quis
318 666 410 728 hono
430 680 486 739 est,
507 668 559 747 qui
582 663 694 728 inducit
712 687 850 748 pompam
871 663 1006 728 nutum?

145 765 199 837 De
223 773 384 842 obsonato
409 775 533 840 iterum
556 773 675 877 Baenh.
706 795 806 856 1,-n,
832 772 866 840 6.

156 871 161 884 ἱ
227 891 297 964 Quo
317 913 398 953 nune
416 894 535 970 cepasio
554 901 609 954 tete
628 890 696 952 hinc
714 893 835 953 advorsa
854 891 902 955 vir

182 973 257 1034 Cum
275 985 355 1037 tenta
374 975 503 1053 pompe?

133 1079 210 1146 Ubi
226 1089 397 1156 ‚omnium
432 1097 572 1172 quoque
610 1080 647 1144 in
686 1077 830 1173 eandem
864 1101 937 1144 rem
971 1078 1024 1143 bin
1059 1075 1181 1162 babet,'
1291 1139 1297 1146 .

136 1199 244 1265 qnam
269 1199 387 1244 vocem
411 1191 488 1242 cnm
512 1197 636 1268 pompa
661 1177 770 1268 jungit
794 1171 1131 1280 intentent-cutione
1157 1207 1161 1216 ·

219 1295 287 1368 Quo
308 1295 357 1355 ted
375 1295 433 1356 hoe
452 1289 548 1355 rioetis
567 1295 659 1354 dicam
683 1297 827 1374 proficisci
846 1297 921 1356 iores

181 1375 256 1436 Cum
276 1375 351 1436 istor
371 1388 475 1436 ornatu
495 1393 620 1455 eumque
639 1374 697 1436 heo
713 1397 839 1462 pompe,
861 1375 1056 1436 Phaedrome?

139 1481 213 1548 Sed
233 1501 298 1571 pro
325 1476 472 1550 domum
497 1474 627 1546 Aeidni.
664 1479 743 1546 citat
775 1475 891 1559 domi,
928 1477 1022 1571 qnod
1058 1495 1108 1546 eet
1144 1481 1200 1572 in*

139 1575 255 1644 multis
281 1594 315 1643 et
339 1574 416 1641 edd.
451 1594 483 1642 et
514 1575 647 1666 scriptis
684 1573 793 1648 libris.
832 1575 931 1657 Quod
965 1594 1076 1642 tamen
1109 1601 1179 1644 non

138 1699 181 1740 eo
204 1673 356 1738 excusari
379 1690 504 1765 potest,
532 1668 627 1762 quod
658 1669 807 1736 Donatus
843 1671 885 1738 ad
909 1673 1109 1738 Terentium
1133 1672 1176 1740 de

134 1772 294 1836 Trinum.
327 1791 357 1836 v.
390 1769 468 1850 843.
495 1765 683 1850 adnotavit,
709 1766 768 1831 ubi
799 1765 886 1858 vide.
912 1769 961 1835 Eo
987 1768 1079 1834 eninr
1102 1765 1177 1836 loeo
1241 1809 1243 1816 ·

135 1864 240 1934 domi
262 1863 380 1946 babet,
407 1863 498 1930 unde
523 1859 678 1954 pendeat.
705 1862 839 1928 Dicitur
857 1864 1047 1930 antemibi:
1073 1851 1178 1957 cupiti

136 1949 238 2030 donzi
262 1962 284 2025 i.
325 1983 353 2026 e.
391 1957 650 2052 cupidussum
683 1955 787 2032 domii
817 1957 945 2026 Verum
984 1959 1175 2039 enimvero,

139 2054 252 2150 pergit
275 2054 465 2136 Acidaliae,
503 2051 590 2148 quid
621 2055 760 2120 obsecro
794 2075 933 2147 quaerat
961 2079 1106 2147 coquus,
1132 2063 1174 2122 an

137 2151 301 2220 Euclioni
323 2151 521 2232 dimidium,
548 2147 730 2217 dimidium
756 2147 892 2217 domum
919 2151 1063 2233 feratur,
1096 2177 1174 2218 cnm

137 2250 206 2316 boo
228 2251 347 2340 ipsum¹
364 2247 474 2314 verbis
501 2245 717 2338 apertissimis
748 2247 848 2316 modo
874 2246 1041 2316 Strobiius
1067 2247 1173 2342 expli·
1209 2234 1211 2248 ¹

139 2342 245 2410 sarit?
270 2343 464 2410 Arbitrmar
485 2345 604 2436 igitur,
630 2367 769 2436 unoquo
783 2344 825 2412 ad
841 2348 1051 2440 superiorem
1063 2349 1174 2428 jocum

139 2440 281 2532 respici,
319 2465 385 2532 quo
424 2438 626 2506 divisionem
661 2448 694 2507 e't
729 2433 998 2536 dispertitionem
1031 2437 1172 2506 Strobili

138 2537 252 2614 aliter,
278 2561 379 2630 quam
401 2534 460 2602 ilie
484 2533 657 2617 voluerat,
677 2527 720 2616 'in
735 2537 914 2604 obscurum
933 2533 1171 2602 sensumidern
1200 2607 1202 2614 ,

134 2650 291 2700 torserat:
318 2635 366 2699 uti
394 2655 486 2698 nuno
509 2645 585 2726 post
606 2631 1066 2723 aliquantamvelitationem,
1093 2657 1171 2700 oum
1216 2637 1218 2642 ’

135 2727 263 2798 dietum
287 2753 386 2797 sunm
417 2719 578 2822 «plicuit
611 2727 711 2809 alter,
744 2726 801 2794 hie
833 2729 1169 2822 interpretamentum

136 2843 325 2917 acceptans,
348 2823 392 2892 do
414 2824 481 2892 hoe
503 2847 636 2917 nempe,
659 2825 801 2916 inquiat,
828 2823 970 2892 dimidio
984 2823 1167 2892 dividendo

135 2939 170 2986 et
194 2917 431 2990 distribuendo
454 2919 649 3015 loquebaris
674 2918 786 3008 modo.
827 2919 867 2986 ln
897 2943 969 2988 eam
996 2943 1069 2986 rem
1093 2944 1168 2986 ver-

133 3041 210 3084 sum
234 3018 281 3085 ita
304 3016 547 3084 rescribebam:

72 3217 78 3224 ,
155 3159 159 3164 ’
212 3153 323 3234 Nempe
342 3151 398 3220 boc
417 3153 572 3214 dimidium*
596 3107 668 3214 ‹tixii
687 3153 901 3230 diriditmotlo.

130 3277 252 3344 iuvant
274 3277 397 3370 partim
420 3275 522 3358 libri,
549 3276 611 3358 ait,
638 3276 698 3368 qui
723 3271 810 3346 dicu
832 3277 1167 3376 hebentnorrnptum

132 3399 150 3438 e
179 3368 294 3452 dicsti,
321 3372 414 3466 quod
438 3372 532 3440 idem
548 3390 606 3440 xest
630 3369 788 3454 aedixti,
816 3390 919 3468 etpro
938 3375 1057 3458 eodem
1082 3399 1184 3442 non-t

125 3490 302 3564 nunquam
326 3472 363 3536 in
389 3488 465 3536 vett.
492 3469 672 3562 reperitur.
711 3467 810 3552 Quod
841 3473 869 3538 si
903 3495 1006 3564 quem
1041 3470 1166 3540 locutio

127 3565 290 3648 offendet,
315 3561 503 3635 dimidium
537 3563 823 3647 dividere‚1seiat
855 3592 892 3635 ee
916 3565 1166 3662 ipse.Pieutum

126 3661 272 3730 inferius
296 3685 410 3730 usum:
917 3701 921 3708 -

207 3797 220 3854 t
240 3796 331 3868 teser,
351 3795 504 3856 dimidiam
526 3799 620 3860 teeuin
641 3796 739 3878 potius
758 3762 868 3878 partem
888 3794 1029 3860 dividam.
1083 3829 1086 3834 ·

125 3913 194 3982 Etsi
217 3914 357 3982 retineri
394 3929 472 3982 sane
505 3935 570 3983 vor
609 3911 795 3986 dient'dt'um
831 3915 1012 4008 utrobique
1043 3935 1162 4012 potent.

79 4009 83 4016 “
125 4007 276 4076 Nande
303 4013 486 4079 mutatione
510 4012 691 4087 vorborum
722 4009 821 4080 donni
851 4023 887 4078 et
916 4009 1043 4094 mode,
1078 4031 1166 4106 quau
1211 4057 1214 4062 ,
1249 4025 1270 4073 J

124 4127 189 4176 tam
215 4106 343 4199 ubique
380 4109 558 4202 frequens,
596 4103 735 4184 verbum
771 4130 841 4176 nou
873 4130 1037 4205 operest
1076 4111 1162 4180 steri.
