2814 4852
288 387 319 414 a
487 351 492 362 '
1140 357 1180 423 81

133 531 218 605 tori·
226 534 446 629 pistoresque
468 533 707 620 tautameos,
733 533 796 630 qui
810 531 881 630 sur
898 531 1108 630 pinsebant.
1126 537 1185 604 no-

135 633 301 706 minatos.
340 633 418 703 Neo
451 652 584 724 coquos
618 653 705 700 vero
734 628 920 702 habebant
951 635 989 701 ῐη
1022 631 1184 719 servitiis,
1254 629 1255 632 ’

123 749 266 822 eosque
290 749 338 795 ex
362 725 524 820 ‘macello
563 723 814 798 conducebant.
854 729 980 796 Osann.
1013 728 1110 796 anall.
1147 755 1183 822 p.
1306 809 1310 818 y

138 847 212 914 190.
239 848 343 918 super
369 849 407 892 ea
431 850 470 892 re
497 824 587 892 adiri
618 825 713 914 jubet
746 827 894 920 interpp.
929 824 972 894 ad
996 825 1084 904 Plin.
1110 825 1133 891 l.
1160 823 1183 893 l.

134 939 169 988 et
191 922 313 990 Docer.
340 919 383 988 ad
407 923 495 989 Fest.
522 948 552 990 v.
580 922 739 1016 Coquum
766 942 799 991 et
823 925 970 997 Pistum.
1008 923 1121 1014 Atque
1147 921 1184 990 id

132 1035 224 1087 reote
250 1017 402 1084 Plinium
427 1018 703 1087 animadvertisse
729 1021 843 1088 testari
869 1022 916 1089 ait
941 1018 1045 1087 alium
1071 1018 1182 1090 Plauti

66 1191 69 1198 .
136 1112 253 1185 locum
277 1116 315 1180 in
340 1117 436 1185 Trio.
464 1140 500 1199 a,
528 1115 569 1202 4,
597 1119 654 1185 85.
744 1142 745 1156 ’

214 1235 386 1308 Comesum,
407 1248 545 1316 expotum
556 1281 565 1310 ,
587 1247 762 1311 exunctum,
782 1239 891 1306 elotum
913 1237 945 1298 in
964 1235 1098 1302 balneis(

177 1319 320 1392 Piscator,
341 1321 432 1398 pistor
451 1318 583 1390 abstulit,
604 1321 695 1392 lanii,
714 1321 813 1401 coqui.
902 1387 905 1394 ¹

178 1397 330 1474 olitores,
349 1401 534 1480 myropdlae,
553 1421 676 1480 aucupes
698 1412 752 1465 etc.

133 1505 196 1572 ubi
213 1503 385 1598 pistorem
412 1503 454 1570 de
482 1529 521 1574 eo
559 1507 623 1598 qui
644 1506 696 1573 far-
730 1507 864 1601 pinset,
903 1503 1014 1574 adhue
1053 1501 1183 1575 dictum

131 1620 302 1701 appareat.
328 1591 528 1670 Dubitatum
552 1604 657 1696 igitur
682 1603 723 1670 ab
745 1605 872 1673 criticis
909 1621 1013 1670 aetate
1054 1601 1177 1695 Plinii,

131 1725 176 1768 an
201 1700 259 1766 hic
284 1724 398 1766 versus
425 1702 592 1792 genuinus
618 1702 678 1783 sit,
718 1700 813 1794 quod
838 1698 893 1768 rel
929 1698 1179 1788 decemranni‘s

130 1814 209 1890 post
232 1795 341 1862 Plauti
364 1797 496 1864 obitum
520 1799 586 1892 ipsi
614 1799 762 1880 Quirites
787 1822 912 1892 panem
925 1795 1079 1880 fecerint,
1105 1822 1181 1864 mu·
1230 1808 1237 1817 “

132 1917 268 1987 nusque
293 1891 331 1959 id
355 1892 541 1962 mulierum
565 1895 668 1962 fuisse
701 1894 816 1976 addit,
849 1893 910 1961 sed
951 1894 1045 1990 Ateii
1083 1894 1185 1988 Capi-

134 1993 224 2058 tonis
251 1993 451 2058 sententiam
492 1992 614 2077 fuisse,
654 1990 748 2084 quod
782 1989 982 2059 lautioribus
1017 1991 1089 2058 coci
1128 2015 1185 2057 oo-

131 2110 238 2180 quere
254 2086 357 2154 'soliti
389 2089 469 2156 sint.
491 2113 627 2182 panem.
663 2089 841 2182 Artoptam
875 2106 986 2157 autem
1019 2085 1180 2154 utendam

129 2186 217 2280 petit
239 2185 340 2251 hio=a
366 2184 560 2278 Congrione
588 2169 686 2271 odeo,
720 2187 788 2255 nisi
822 2184 898 2250 illa:
933 2207 980 2253 ex
996 2206 1182 2279 proxumo

132 2281 323 2374 siguificare
347 2281 448 2363 velis,
475 2307 554 2349 eum
579 2281 680 2350 domo
701 2278 882 2359 Euclionis
906 2284 1055 2376 petiisse.
1096 2281 1182 2374 Utut

132 2397 203 2458 est,
229 2379 458 2447 observationi
483 2379 587 2447 Plinii
612 2381 645 2454 h.
671 2377 694 2446 l.
720 2403 791 2448 non
814 2397 995 2473 repugnat3
1032 2403 1114 2444 nam
1140 2379 1178 2444 in

130 2465 260 2568 nuptiis
286 2478 386 2544 etiam
410 2480 492 2571 pani
519 2477 715 2572 coquendo,
742 2475 821 2547 alias
847 2503 866 2544 o
887 2474 1088 2541 mulieribus
1115 2475 1178 2542 do-

130 2574 280 2642 mesticis
306 2576 408 2668 coqui
432 2570 586 2658 solito,'e
605 2573 746 2644 macello
772 2572 918 2662 conduci
942 2587 1099 2666 poterant
1121 2573 1181 2642 ho·

128 2671 251 2777 mines.
279 2669 440 2739 Ceterum
463 2699 493 2741 v.
520 2669 673 2758 Turneb.
700 2668 776 2748 adv.
807 2669 867 2755 14,
897 2671 928 2737 5.
1027 2676 1039 2694 '

141 2781 146 2790 ⁴
203 2790 245 2858 V.
272 2789 352 2875 402.
379 2789 516 2884 luditur]
540 2777 793 2858 Mss.'Gam..et
821 2785 902 2856 Pall.
932 2789 963 2862 5.
998 2807 1031 2857 et
1056 2777 1179 2884 L'angg.

98 2950 102 2962 .
130 2884 269 2978 Lydius
294 2900 352 2956 estt
379 2889 509 2958 Nonius
533 2914 568 2982 p.
596 2889 682 2984 783,
708 2888 766 2962 35.
799 2883 950 2958 Plautus
973 2885 1181 2978 Aululariuf

112 2989 195 3053 ‘Tu
220 2987 353 3053 istum
378 2984 565 3070 Gallum,
591 2987 628 3053 si
653 2987 789 3079 sapis,
809 2982 1072 3079 glabriorem
1096 2983 1183 3050 red·
1294 3025 1298 3034 ·

133 3082 208 3150 des
233 3081 362 3170 mihi,
389 3108 512 3176 quam
539 3083 687 3161 vulsus
711 3081 874 3149 ludius.
900 3105 931 3148 v.
952 3075 1093 3174 Dionys.
1107 3077 1180 3146 Hal.

132 3179 237 3250 A.²R.
264 3181 307 3246 II.
333 3207 375 3274 p.
394 3183 476 3248 388.
501 3170 616 3251 Batai.
639 3182 709 3249 sive
728 3177 880 3246 Turneb.
907 3175 981 3246 adv.
1007 3179 1040 3260 6,
1062 3177 1121 3246 26.
1146 3193 1179 3246 et
1248 3207 1255 3224 ·

131 3301 218 3372 quos
242 3275 358 3345 laudat
383 3278 524 3346 Gesner.
550 3279 634 3347 thes.
660 3275 733 3362 l.„l.
758 3301 789 3370 s.
810 3298 852 3348 v..

208 3374 249 3442 V.
275 3375 358 3460 403.
385 3373 477 3468 quid
497 3371 565 3446 hoc
576 3373 760 3466 clamoris]
785 3374 886 3440 etiam
901 3369 1024 3466 Langg.
1037 3372 1174 3438 habent.
1201 3370 1221 3402 ·'

207 3472 249 3540 V.
265 3472 348 3558 405.
365 3471 422 3540 hio
439 3471 559 3544 turbae*
570 3469 693 3542 itidem
696 3465 811 3566 fuat]
832 3471 920 3539 Vett.
939 3487 972 3537 et
986 3473 1110 3560 Langg.
1135 3489 1194 3545 ne,
1267 3507 1275 3532 .

7 3625 8 3628 ,
132 3565 357 3665 quidturbae
380 3565 656 3666 hicict‘demfiut.
682 3563 1180 3662 Noniusp.780‚14:'redeo

7 3675 9 3686 '
134 3671 273 3752 intro.
296 3665 455 3760 nequid
479 3667 551 3736 hic
576 3666 734 3734 turbae
758 3665 869 3750 fiat.

392 3885 394 3892 ι
432 3811 580 3918 loros
605 3811 666 3918 111.
692 3846 894 3929 sonuit
972 3845 974 3850 ’

207 4001 250 4100 νῖ
278 4029 355 4116 sao.
384 4031 503 4124 epau
525 4067 573 4087 -.
592 4025 674 4114 410.
687 3987 737 4084 -'
746 3987 995 4123 armanum]
1021 4049 1051 4102 v,
1066 4019 1182 4090 utrm.

139 4125 248 4200 doctr.
274 4147 372 4205 metr.
395 4155 430 4222 p.
456 4149 512 4217 9¹·

975 4269 977 4274 ,
994 4217 1016 4284 6
